@misc{gurobi,
   author = "Gurobi Optimization, LLC",
   title = "Gurobi Optimizer Reference Manual",
   year = 2018,
   url = "http://www.gurobi.com"
 }
@Article{Hunter:2007,
	Author    = {Hunter, J. D.},
	Title     = {Matplotlib: A 2D graphics environment},
	Journal   = {Computing In Science \& Engineering},
	Volume    = {9},
	Number    = {3},
	Pages     = {90--95},
	abstract  = {Matplotlib is a 2D graphics package used for Python
	for application development, interactive scripting, and
	publication-quality image generation across user
	interfaces and operating systems.},
	publisher = {IEEE COMPUTER SOC},
	doi       = {10.1109/MCSE.2007.55},
	year      = 2007
}

@misc{fapWeb,
	title = {FAP web - A website about Frequency Assignment Problems, CALMA Frequency Assignment Problems},
	author = {Koster, A.; Eisenbl√§tter, A.},
	howpublished = {\url{http://fap.zib.de/problems/CALMA/}},
	note = {Aufgerufen am 14.11.2018}
}